@inproceedings{everydaysounds,
 author = {Guo, Yukang and Hazas, Mike},
 title = {Acoustic Source Localization of Everyday Sounds Using Wireless Sensor Networks},
 booktitle = {Proceedings of the 12th ACM International Conference Adjunct Papers on Ubiquitous Computing - Adjunct},
 series = {UbiComp '10 Adjunct},
 year = {2010},
 isbn = {978-1-4503-0283-8},
 location = {Copenhagen, Denmark},
 pages = {411--412},
 numpages = {2},
 url = {http://doi.acm.org/10.1145/1864431.1864462},
 doi = {10.1145/1864431.1864462},
 acmid = {1864462},
 publisher = {ACM},
 address = {New York, NY, USA},
 keywords = {acoustic source localization, audio classification},
}
@inproceedings{murray2004robotics,
  title={Robotics sound-source localization and tracking using interaural time difference and cross-correlation},
  author={Murray, John C and Erwin, Harry and Wermter, Stefan},
  booktitle={Proceedings of NeuroBotics Workshop},
  pages={89--97},
  year={2004}
}
@ARTICLE{4459286, 
author={C. Zhang and D. Florencio and D. E. Ba and Z. Zhang}, 
journal={IEEE Transactions on Multimedia}, 
title={Maximum Likelihood Sound Source Localization and Beamforming for Directional Microphone Arrays in Distributed Meetings}, 
year={2008}, 
volume={10}, 
number={3}, 
pages={538-548}, 
keywords={maximum likelihood detection;microphone arrays;reverberation;beamforming algorithms;directional microphone arrays;distributed meetings;maximum likelihood sound source localization;reverberant rooms;steered response power based algorithms;Beamforming;directional mics;microphone array;sound source localization}, 
doi={10.1109/TMM.2008.917406}, 
ISSN={1520-9210}, 
month={April},}
@MISC{derivationSource,
title={Acoustic Source Localization},
author={Washington University},
howpublished = {\url{http://www.ese.wustl.edu/~nehorai/josh/students.cec.wustl.edu/_jly1/angle.html}}
}